@article{brenier1991polar,
  title={Polar factorization and monotone rearrangement of vector-valued functions},
  author={Brenier, Yann},
  journal={Communications on pure and applied mathematics},
  volume={44},
  number={4},
  pages={375--417},
  year={1991},
  publisher={Wiley Online Library}
}

@article{vayer2020fused,
	title={Fused Gromov-Wasserstein distance for structured objects},
	author={Vayer, Titouan and Chapel, Laetitia and Flamary, R{\'e}mi and Tavenard, Romain and Courty, Nicolas},
	journal={Algorithms},
	volume={13},
	number={9},
	pages={212},
	year={2020},
	publisher={MDPI}
}

@book{villani2008optimal,
  title={Optimal transport: old and new},
  author={Villani, C{\'e}dric and others},
  volume={338},
  year={2008},
  publisher={Springer}
}

@article{peyre2019computational,
  title={Computational optimal transport: With applications to data science},
  author={Peyr{\'e}, Gabriel and Cuturi, Marco and others},
  journal={Foundations and Trends{\textregistered} in Machine Learning},
  volume={11},
  number={5-6},
  pages={355--607},
  year={2019},
  publisher={Now Publishers, Inc.}
}

@article{kitagawa2019convergence,
  title={Convergence of a Newton algorithm for semi-discrete optimal transport},
  author={Kitagawa, Jun and M{\'e}rigot, Quentin and Thibert, Boris},
  journal={Journal of the European Mathematical Society},
  volume={21},
  number={9},
  pages={2603--2651},
  year={2019}
}

@article{santambrogio2015optimal,
  title={Optimal transport for applied mathematicians},
  author={Santambrogio, Filippo},
  year={2015},
  publisher={Springer}
}